<collection xmlns="http://www.loc.gov/MARC21/slim"><record><leader>00784nam  2200253   450</leader><controlfield tag="001">313</controlfield><controlfield tag="003">http://montalegre.opacnet.com/OPAC/default.aspx?ContentAreaControl=ShowRegHoldings.ascx&amp;RegNo=16662</controlfield><datafield tag="021" ind1=" " ind2=" "><subfield code="a">PT</subfield><subfield code="b">8369</subfield></datafield><datafield tag="095" ind1=" " ind2=" "><subfield code="a">PTBN00016956</subfield></datafield><datafield tag="100" ind1=" " ind2=" "><subfield code="a">20061013d1986    k  y0pora010305  ba</subfield></datafield><datafield tag="101" ind1="1" ind2=" "><subfield code="a">por</subfield></datafield><datafield tag="102" ind1=" " ind2=" "><subfield code="a">PT</subfield></datafield><datafield tag="200" ind1="1" ind2=" "><subfield code="a">Moderato cantabile</subfield><subfield code="f">Marguerite Duras</subfield><subfield code="g">trad. Flora Larsson e Ana Paula Laborinho</subfield></datafield><datafield tag="205" ind1=" " ind2=" "><subfield code="a">2ª ed</subfield></datafield><datafield tag="210" ind1=" " ind2=" "><subfield code="a">Lisboa</subfield><subfield code="c">Difel</subfield><subfield code="d">1958</subfield></datafield><datafield tag="215" ind1=" " ind2=" "><subfield code="a">100 p.</subfield><subfield code="d">19 cm</subfield></datafield><datafield tag="606" ind1=" " ind2=" "><subfield code="a">Literatura francesa</subfield></datafield><datafield tag="608" ind1=" " ind2=" "><subfield code="a">Romance</subfield></datafield><datafield tag="675" ind1=" " ind2=" "><subfield code="a">821</subfield><subfield code="v">BN</subfield><subfield code="z">por</subfield></datafield><datafield tag="700" ind1=" " ind2="1"><subfield code="a">Duras</subfield><subfield code="b">Marguerite</subfield><subfield code="f">1914-1996</subfield></datafield><datafield tag="702" ind1=" " ind2="1"><subfield code="a">Larsson</subfield><subfield code="b">Flora</subfield><subfield code="4">730</subfield></datafield><datafield tag="702" ind1=" " ind2="1"><subfield code="a">Laborinho</subfield><subfield code="b">Ana Paula</subfield><subfield code="4">730</subfield></datafield><datafield tag="801" ind1=" " ind2="0"><subfield code="a">PT</subfield><subfield code="b">Biblioteca Municipal de Montalegre</subfield><subfield code="g">RPC</subfield></datafield><datafield tag="856" ind1=" " ind2=" "><subfield code="u">locateMedia.asp?cod=20060511141828&amp;ext=jpg</subfield><subfield code="z">CAPA</subfield></datafield><datafield tag="909" ind1="&#9;" ind2=" "><subfield code="a">1</subfield></datafield><datafield tag="966" ind1=" " ind2=" "><subfield code="a">0008392</subfield><subfield code="l">BMM</subfield><subfield code="s">SCG 821 DUR mod</subfield></datafield></record></collection>